<record><leader>00000cas a2200000 a 4500</leader><controlfield tag="001">22886184</controlfield><controlfield tag="008">901221d19331936iluwr ne      0   a0eng c</controlfield><datafield ind1=" " ind2=" " tag="010"><subfield code="a">sn 90054857 </subfield></datafield><datafield ind1=" " ind2=" " tag="040"><subfield code="a">NVF</subfield><subfield code="b">eng</subfield><subfield code="c">NVF</subfield><subfield code="d">OCLCQ</subfield><subfield code="d">NVF</subfield><subfield code="d">OCLCQ</subfield><subfield code="d">NVF</subfield><subfield code="d">OCLCO</subfield></datafield><datafield ind1="1" ind2=" " tag="029"><subfield code="a">AU@</subfield><subfield code="b">000025866066</subfield></datafield><datafield ind1=" " ind2=" " tag="042"><subfield code="a">pcc</subfield></datafield><datafield ind1=" " ind2=" " tag="043"><subfield code="a">n-us-il</subfield></datafield><datafield ind1="0" ind2="0" tag="245"><subfield code="a">Dieterich special-gazette.</subfield></datafield><datafield ind1="3" ind2=" " tag="246"><subfield code="a">Dieterich special gazette</subfield></datafield><datafield ind1=" " ind2=" " tag="260"><subfield code="a">Dieterich, Ill. :</subfield><subfield code="b">Otto Gust,</subfield><subfield code="c">1933-1936.</subfield></datafield><datafield ind1=" " ind2=" " tag="300"><subfield code="a">v.</subfield></datafield><datafield ind1=" " ind2=" " tag="310"><subfield code="a">Weekly</subfield></datafield><datafield ind1="0" ind2=" " tag="362"><subfield code="a">No. 18 (Aug. 31, 1933)-no. 30 (Nov. 19, 1936).</subfield></datafield><datafield ind1=" " ind2=" " tag="515"><subfield code="a">Continues the numbering of Special-gazette (Dieterich, Ill. : 1906).</subfield></datafield><datafield ind1=" " ind2="0" tag="651"><subfield code="a">Dieterich (Ill.)</subfield><subfield code="v">Newspapers.</subfield></datafield><datafield ind1=" " ind2=" " tag="752"><subfield code="a">United States</subfield><subfield code="b">Illinois</subfield><subfield code="c">Effingham</subfield><subfield code="d">Dieterich.</subfield></datafield><datafield ind1="0" ind2="0" tag="780"><subfield code="t">Special-gazette (Dieterich, Ill. : 1906)</subfield><subfield code="w">(DLC)sn 90054856</subfield><subfield code="w">(OCoLC)22886108</subfield></datafield><datafield ind1="0" ind2="0" tag="785"><subfield code="t">Special-gazette (Dieterich, Ill. : 1936)</subfield><subfield code="w">(DLC)sn 90054858</subfield><subfield code="w">(OCoLC)22886289</subfield></datafield></record>